<record><leader>00000cas a22000007a 4500</leader><controlfield tag="001">12742710</controlfield><controlfield tag="008">851031c19579999inuwr ne      0    0eng d</controlfield><datafield ind1=" " ind2=" " tag="010"><subfield code="a">sn 85048098 </subfield></datafield><datafield ind1=" " ind2=" " tag="040"><subfield code="a">NPI</subfield><subfield code="b">eng</subfield><subfield code="c">NPI</subfield><subfield code="d">OCLCQ</subfield></datafield><datafield ind1=" " ind2=" " tag="042"><subfield code="a">msc</subfield></datafield><datafield ind1="0" ind2=" " tag="130"><subfield code="a">Leader (Charlestown, Ind.)</subfield></datafield><datafield ind1="1" ind2="4" tag="245"><subfield code="a">The leader.</subfield></datafield><datafield ind1=" " ind2=" " tag="260"><subfield code="a">Charlestown, Ind. :</subfield><subfield code="b">Joe Green,</subfield><subfield code="c">1957-</subfield></datafield><datafield ind1=" " ind2=" " tag="300"><subfield code="a">v. :</subfield><subfield code="b">ill. ;</subfield><subfield code="c">44 cm.</subfield></datafield><datafield ind1=" " ind2=" " tag="310"><subfield code="a">Weekly</subfield></datafield><datafield ind1="0" ind2=" " tag="362"><subfield code="a">Vol. 1, no. 21 (Aug. 22, 1957)-</subfield></datafield><datafield ind1=" " ind2=" " tag="500"><subfield code="a">Established by Margaret Goodman.</subfield></datafield><datafield ind1=" " ind2=" " tag="500"><subfield code="a">Beginning with the Aug. 22, 1957 issue the newly consolidated "Leader" contained separate sections for Charlestown, Sellersburg and Jeffersonville. Each section had separate, and different, volume and issue numbers.</subfield></datafield><datafield ind1=" " ind2=" " tag="500"><subfield code="a">"Democratic party supporting paper" Cf. Miller, John W. Indiana newspaper bibliog.</subfield></datafield><datafield ind1=" " ind2=" " tag="752"><subfield code="a">United States</subfield><subfield code="b">Indiana</subfield><subfield code="c">Clark</subfield><subfield code="d">Charlestown.</subfield></datafield><datafield ind1=" " ind2=" " tag="752"><subfield code="a">United States</subfield><subfield code="b">Indiana</subfield><subfield code="c">Clark</subfield><subfield code="d">Sellersburg.</subfield></datafield><datafield ind1=" " ind2=" " tag="752"><subfield code="a">United States</subfield><subfield code="b">Indiana</subfield><subfield code="c">Clark</subfield><subfield code="d">Jeffersonville.</subfield></datafield><datafield ind1="0" ind2="4" tag="780"><subfield code="t">Charlestown leader</subfield><subfield code="w">(DLC)sn 85048096</subfield></datafield><datafield ind1="0" ind2="4" tag="780"><subfield code="t">Sellersburg leader</subfield><subfield code="w">(DLC)sn 85048097</subfield></datafield><datafield ind1="1" ind2=" " tag="029"><subfield code="a">AU@</subfield><subfield code="b">000025840659</subfield></datafield></record>